@article{arrow_calculus,
  title={{The Arrow Calculus (Functional Pearl)}},
  author={Lindley, Sam and Wadler, Philip and Yallop, Jeremy},
  year={2008}
}

@misc{beanfabrics,
	title = {{Beanfabrics}},
	author = {Beanfabrics},
	note = {\url{https://code.google.com/p/beanfabrics/} (accessed on 12/05/2013)}
}
